@manual{anleitung,
  author = {Fakult√§t Physik, TU Dortmund},
  title = {Anleitung zu Versuch 18 - Germaniumdetektor},
  year = 2024
}

@misc{uncertainties,
  author = {Eric O. LEBIGOT},
  title = {Uncertainties: a Python package for calculations with uncertainties},
  version = {3.1.7},
  url = {https://pythonhosted.org/uncertainties/}
}

@article{scipy,
    title   = {SciPy 1.0: Fundamental Algorithms for Scientific Computing in Python},
    journal = {Nature Methods},
    year    = {2020},
    volume  = {17},
    pages   = {261--272},
    adsurl  = {https://rdcu.be/b08Wh},
    doi     = {10.1038/s41592-019-0686-2}
}
