@manual{anleitung,
  author = {Fakult√§t Physik, TU Dortmund},
  title = {Anleitung zu Versuch 18 - Germaniumdetektor},
  year = 2024
}

@misc{uncertainties,
  author = {Eric O. LEBIGOT},
  title = {Uncertainties: a Python package for calculations with uncertainties},
  version = {3.1.7},
  url = {https://pythonhosted.org/uncertainties/}
}

@article{scipy,
    title   = {SciPy 1.0: Fundamental Algorithms for Scientific Computing in Python},
    journal = {Nature Methods},
    year    = {2020},
    volume  = {17},
    pages   = {261--272},
    adsurl  = {https://rdcu.be/b08Wh},
    doi     = {10.1038/s41592-019-0686-2}
}

@book{gilmore,
  author    = {G. Gilmore},
  title     = {Practical Gamma-ray Spectrometry},
  edition   = {2},
  publisher = {Wiley},
  year      = {2008}
}
@misc{leifics137,
  author       = "{LEIFIphysik}",
  title        = "{Gammaspektrum von Cs-137}",
  year         = "2024",
  url          = "https://www.leifiphysik.de/kern-teilchenphysik/radioaktivitaet-fortfuehrung/versuche/gammaspektrum-von-cs-137",
  note         = "Accessed: 2025-01-08"
}
@techreport{iaea1991,
  title        = {X-ray and Gamma-ray Standards for Detector Calibration},
  institution  = {International Atomic Energy Agency},
  year         = {1991},
  address      = {Vienna, Austria},
}
@article{Kondev2021,
  author = {Kondev, F. G. and Wang, M. and Huang, W. J. and Naimi, S. and Audi, G.},
  title = {The NUBASE2020 evaluation of nuclear properties},
  journal = {Chinese Physics C},
  year = {2021},
  volume = {45},
  number = {3},
  pages = {030001},
  doi = {10.1088/1674-1137/45/3/030001}
}
@misc{IAEA_Gamma_Energies,
  author       = {{International Atomic Energy Agency}},
  title        = {Recommended gamma-ray energies and emission probabilities ordered by radionuclide},
  howpublished = {\url{https://www-nds.iaea.org/xgamma_standards/genergies1.htm}},
  note         = {Accessed: 24 March 2025}
}
@book{Sze2007,
  author    = {S. M. Sze and Kwok K. Ng},
  title     = {Physics of Semiconductor Devices},
  year      = {2007},
}