@manual{anleitung,
  author = {Fakultät Physik, TU Dortmund},
  title = {Anleitung zu Versuch 51 - Operationsverstärker},
  year = 2024
}
@misc{ROEDresden,
  title = {Physikalisches Grundpraktikum Versuch ROE},
  author = {{Fakultät Physik, Technische Universität Dresden}},
  year = 2019,
  note = {\url{https://tu-dresden.de/mn/physik/ressourcen/dateien/studium/lehrveranstaltungen/praktika/pdf/ROE.pdf?lang=de}}
}
@misc{ekabs,
    author = "International XAFS Society",
    title = "X-ray Data for the Elements International XAFS Society",
    url = {https://www.xafs.org/index.php/xray-data}
}
@online{uni_giessen,
author = {W. Kriegseis},
  title = {Röntgen-Reflektometrie zur Dünnschichtanalyse},
  year = 2023,
  url = {https://www.uni-giessen.de/de/fbz/fb07/fachgebiete/physik/studium/fprak/anleitungen/reflekto2}
}
@article{juwi2015,
  title = {Charakterisierung kristalliner Metall- und Metalloxidschichten mittels Röntgen-StreuungKristalle unter der Lupe},
  journal = {Junge Wissenschaft PTB},
  volume = {105},
  year = {2015},
  pages = {1-10},
  url = {https://www.junge-wissenschaft.ptb.de/fileadmin/paper/bis_2017/pdf/juwi-105-2015-02.pdf}
}

@misc{uncertainties,
  author = {Eric O. LEBIGOT},
  title = {Uncertainties: a Python package for calculations with uncertainties},
  version = {3.1.7},
  url = {https://pythonhosted.org/uncertainties/}
}

@article{scipy,
    title   = {SciPy 1.0: Fundamental Algorithms for Scientific Computing in Python},
    journal = {Nature Methods},
    year    = {2020},
    volume  = {17},
    pages   = {261--272},
    adsurl  = {https://rdcu.be/b08Wh},
    doi     = {10.1038/s41592-019-0686-2}
}
@article{kirchhoff1845durchgang,
  title = {Ueber den Durchgang eines elektrischen Stromes durch eine Ebene, insbesondere durch eine kreisförmige},
  author = {Gustav Robert Kirchhoff},
  journal = {Annalen der Physik und Chemie},
  volume = {64},
  pages = {513},
  year = {1845},
  note = {Gallica}
}
