@manual{anleitung,
  author = {Fakultät Physik, TU Dortmund},
  title = {Anleitung zu Versuch 44 - Röntgenreflektometrie},
  year = 2024
}
@misc{ROEDresden,
  title = {{\href{https://tu-dresden.de/mn/physik/ressourcen/dateien/studium/lehrveranstaltungen/praktika/pdf/ROE.pdf?lang=de}{Physikalisches Grundpraktikum Versuch ROE}}},
  author = {{Fakultät Physik, Technische Universität Dresden}},
  year = 2019
}
@misc{ekabs,
    author = "International XAFS Society",
    title = "X-ray Data for the Elements International XAFS Society"
}
@online{uni_giessen,
author = {W. Kriegseis},
  title = {Röntgen-Reflektometrie zur Dünnschichtanalyse},
  date = {2023-07-09},
  url = {https://www.uni-giessen.de/de/fbz/fb07/fachgebiete/physik/studium/fprak/anleitungen/reflekto2},
}
@article{juwi2015,
  author = {Author(s) of the paper},
  title = {Charakterisierung kristalliner Metall- und Metalloxidschichten mittels Röntgen-StreuungKristalle unter der Lupe},
  journal = {Junge Wissenschaft PTB},
  volume = {105},
  year = {2015},
  pages = {1-10},
  url = {https://www.junge-wissenschaft.ptb.de/fileadmin/paper/bis_2017/pdf/juwi-105-2015-02.pdf}
}
